<record><leader>00000cas a22000007a 4500</leader><controlfield tag="001">14878977</controlfield><controlfield tag="008">861126c19799999pauwr ne      0    0eng d</controlfield><datafield ind1=" " ind2=" " tag="010"><subfield code="a">sn 86082052 </subfield></datafield><datafield ind1=" " ind2=" " tag="040"><subfield code="a">NPH</subfield><subfield code="b">eng</subfield><subfield code="c">NPH</subfield><subfield code="d">OCLCQ</subfield></datafield><datafield ind1=" " ind2=" " tag="042"><subfield code="a">msc</subfield></datafield><datafield ind1="0" ind2=" " tag="130"><subfield code="a">Black diamond (Somerset, Pa.)</subfield></datafield><datafield ind1="1" ind2="0" tag="245"><subfield code="a">Black diamond.</subfield></datafield><datafield ind1=" " ind2=" " tag="250"><subfield code="a">Regional ed.</subfield></datafield><datafield ind1=" " ind2=" " tag="260"><subfield code="a">[Somerset, Pa. :</subfield><subfield code="b">Somerset Newspapers, Inc.]</subfield></datafield><datafield ind1=" " ind2=" " tag="300"><subfield code="a">v. :</subfield><subfield code="b">ill. ;</subfield><subfield code="c">44 cm.</subfield></datafield><datafield ind1=" " ind2=" " tag="310"><subfield code="a">Weekly</subfield></datafield><datafield ind1="1" ind2=" " tag="362"><subfield code="a">Began in 1979?</subfield></datafield><datafield ind1=" " ind2=" " tag="500"><subfield code="a">"Serving Acosta, Boswell, Davidsville, Ferrellton, Gray, Hollsopple, Sipesville, Tire Hill, Jerome, Kanther, Kimmelton, Seanor, Hooversville, Jenners, Jennerstown, Thomas Mills, Staystown."</subfield></datafield><datafield ind1=" " ind2=" " tag="588"><subfield code="a">Description based on: Vol. 1, no. 5 (Apr. 11, 1979).</subfield></datafield><datafield ind1=" " ind2=" " tag="752"><subfield code="a">United States</subfield><subfield code="b">Pennsylvania</subfield><subfield code="c">Somerset</subfield><subfield code="d">Somerset.</subfield></datafield><datafield ind1="0" ind2=" " tag="775"><subfield code="t">Somerset County shopper</subfield><subfield code="w">(DLC)sn 86082055</subfield></datafield><datafield ind1="0" ind2=" " tag="775"><subfield code="t">Maple Valley news (Somerset, Pa.)</subfield><subfield code="w">(DLC)sn 86082054</subfield></datafield><datafield ind1="0" ind2=" " tag="775"><subfield code="t">Central City news (Somerset, Pa.)</subfield><subfield code="w">(DLC)sn 86082053</subfield></datafield></record>